<record xmlns:xsi="http://www.w3.org/2001/XMLSchema-instance" xmlns="http://www.loc.gov/MARC21/slim" xsi:schemaLocation="http://www.loc.gov/MARC21/slim http://www.loc.gov/standards/marcxml/schema/MARC21slim.xsd">

  <leader>00584nam a2200145Ia 4500</leader>
  <datafield ind1=" " tag="999" ind2=" ">
    <subfield code="c">1257</subfield>
    <subfield code="d">1257</subfield>
  </datafield>
  <controlfield tag="008">170523b2004    cr ||||| |||| 00| | spa d</controlfield>
  <datafield tag="090" ind1=" " ind2=" ">
    <subfield code="a">04.01.01 </subfield>
    <subfield code="b">1023</subfield>
  </datafield>
  <datafield tag="110" ind1="2" ind2=" ">
    <subfield code="a">Universidad de Costa Rica. Oficina Jurídica</subfield>
    <subfield code="9">2729</subfield>
  </datafield>
  <datafield ind2="0" tag="245" ind1="1">
    <subfield code="a">Compilación  de pronunciamientos de la Sala Constitucional referentes a la Universidad de Costa Rica / </subfield>
    <subfield code="b">Universidad de Costa Rica. Oficina Juridica</subfield>
  </datafield>
  <datafield ind1=" " tag="260" ind2=" ">
    <subfield code="a">San José, Costa Rica : </subfield>
    <subfield code="b">Universidad de Costa Rica, </subfield>
    <subfield code="c">2004</subfield>
  </datafield>
  <datafield ind2=" " ind1=" " tag="300">
    <subfield code="a">288 páginas</subfield>
  </datafield>
  <datafield ind1="2" tag="610" ind2="4">
    <subfield code="9">714</subfield>
    <subfield code="a">UNIVERSIDAD DE COSTA RICA</subfield>
  </datafield>
  <datafield ind2="4" tag="650" ind1="1">
    <subfield code="a">JURISPRUDENCIA  </subfield>
    <subfield code="9">2844</subfield>
  </datafield>
  <datafield ind2=" " ind1=" " tag="942">
    <subfield code="2">z</subfield>
    <subfield code="c">01</subfield>
  </datafield>
</record>